@book{book:dsp75,
author = "Alan V. Oppenheim and Ronald W. Schafer",
title = "Digital Signal Processing",
publisher = "Prentice Hall",
edition = "1st",
year = 1975
}

@ARTICLE{Dutt95fastfourierII,
	author = {A Dutt and V Rokhlin},
	title = {Fast Fourier Transforms for Nonequispaced Data, II},
	journal = {Applied and Computational Harmonic Analysis},
	year = {1995},
	number = {2},
	pages = {85--100}
}

@TECHREPORT{Keiner06nfft3.0,
	author = {J Keiner and S Kunis and D Potts},
	title = {Nfft 3.0 - tutorial},
	year = {2006}
}

@MISC{Gumerov13amethod,
    author = {Nail A. Gumerov and Ramani Duraiswami},
    title = {A Method to Compute Periodic Sums},
    year = {2013}
}

@TECHREPORT{fmmfiltering,
author = "Nail A. Gumerov and Ramani Duraiswami",
title = "Fast Multipole Method Based Filtering of Non-uniformly Sampled Data"
}
