@article{fmm-orig,
  title =		 "A fast algorithm for particle simulations",
  journal =		 "J. Comput. Phys.",
  author =		 "L. Greengard and V. Rokhlin",
  year =		 "1987",
  month =		 "December",
  volume =		 "73"
}

@book{fmm-helmholtz,
  title =		 "Fast Multipole Methods for the Helmholtz Equation in
                  Three Dimensions",
  author =		 "Gumerov, N. A. and Duraiswami, R.",
  year =		 "2004",
  publisher =	 "Elsevier"
}

@article{ewald,
  author =		 {Ewald, P. P.},
  title =		 {{D}ie {B}erechnung optischer und elektrostatischer
                  {G}itterpotentiale},
  journal =		 {Ann. Phys.},
  volume =		 {369},
  number =		 {3},
  publisher =	 {WILEY-VCH Verlag},
  issn =		 {1521-3889},
  url =			 {http://dx.doi.org/10.1002/andp.19213690304},
  doi =			 {10.1002/andp.19213690304},
  pages =		 {253--287},
  year =		 {1921},
}

@book{book:dsp75,
  author =		 "Oppenheim, A. V. and Schafer, R. W.",
  title =		 "Digital Signal Processing",
  publisher =	 "Prentice Hall",
  edition =		 "1st",
  year =		 1975
}

@ARTICLE{Dutt95fastfourierII,
  author =		 {Dutt, A. and Rokhlin, V.},
  title =		 {Fast Fourier Transforms for Nonequispaced Data,
                  {II}},
  journal =		 {Applied and Computational Harmonic Analysis},
  year =		 {1995},
  pages =		 {85--100}
}

@TECHREPORT{Keiner06nfft3.0,
  author =		 {Keiner, J. and Kunis, S. and Potts, D.},
  title =		 {{NFFT} 3.0 tutorial},
  year =		 {2006},
  institution =	 {TU Chemnitz}
}

@MISC{periodic-sums,
  author =		 {Gumerov, N. A. and Duraiswami, R.},
  title =		 {A Method to Compute Periodic Sums},
  journal =		 {J. Comput. Phys.},
  volume =		 {272},
  year =		 {2014},
  pages =		 {307--326}
}

@TECHREPORT{fmmfiltering,
  author =		 {Nail A. Gumerov and Ramani Duraiswami},
  title =		 {Fast Multipole Method Based Filtering of
                  Non-uniformly Sampled Data},
  year =		 {2004},
  institution =	 {University of Maryland College Park}
}

@book{abramowitz-and-stegun,
  title =		 {Handbook of Mathematical Functions with Formulas,
                  Graphs, and Mathematical Tables},
  editor =		 {Abramowitz, M. and Stegun, I. A.},
  year =		 {1972},
  printing =	 {10th},
  publisher =	 {National Bureau of Standards}
}

@misc{online:how-to-be-highly-cited,
  author =		 {Donoho, David},
  title =		 {How to be a Highly Cited Author in the Mathematical
                  Sciences},
  howpublished =
                  {\url{http://www.in-cites.com/scientists/DrDavidDonoho.html}},
  month =		 {March},
  year =		 {2002},
  note =		 {Accessed: 2015/11/20}
}

@unpublished{arxiv:julia,
  title =		 {Julia: A fresh approach to numerical computing},
  author =		 {Jeff Bezanson{\,} Alan Edelman{\,} Stefan
                  Karpinski{\,} Viral B. Shah},
  year =		 {2014},
  note =		 {arXiv:1411.1607}
}

@techreport{inverse-vandermonde,
  author =		 {Turner, R. L.},
  title =		 {Inverse of the {V}andermonde matrix with applications},
  institution =	 {NASA},
  year =		 {1966}
}

@misc{online:mathworld-fourier-series-semicircle,
  title =		 {Fourier Series\----Semicircle},
  author =		 {Weisstein, Eric W.},
  howpublished =
                  {\url{http://mathworld.wolfram.com/FourierSeriesSemicircle.html}},
  note =		 {From MathWorld\----A Wolfram Web Resource.}
}

@misc{online:mathworld-fourier-series-triangle,
  title =		 {Fourier Series\----Triangle Wave},
  author =		 {Weisstein, Eric W.},
  howpublished =
                  {\url{http://mathworld.wolfram.com/FourierSeriesTriangleWave.html}},
  note =		 {From MathWorld\----A Wolfram Web Resource.}
}

@misc{online:mathworld-fourier-series-sawtooth,
  title =		 {Fourier Series\----Sawtooth Wave},
  author =		 {Weisstein, Eric W.},
  howpublished =
                  {\url{http://mathworld.wolfram.com/FourierSeriesSawtoothWave.html}},
  note =		 {From MathWorld\----A Wolfram Web Resource.}
}

@misc{online:mathworld-fourier-series-square,
  title =		 {Fourier Series\----Square Wave},
  author =		 {Weisstein, Eric W.},
  howpublished =
                  {\url{http://mathworld.wolfram.com/FourierSeriesSquareWave.html}},
  note =		 {From MathWorld\----A Wolfram Web Resource.}
}