@book{book:dsp75,
author = "Alan V. Oppenheim and Ronald W. Schafer",
title = "Digital Signal Processing",
publisher = "Prentice Hall",
edition = "1st",
year = 1975
}

@book{book:fmm-helmholtz,
author = {Nail A Gumerov, Ramani Duraiswami},
title = {Fast multipole methods for the Helmholtz equation in three dimensions},
year = {2005},
publisher = {Elsevier}
}

@ARTICLE{Dutt95fastfourierII,
	author = {A Dutt and V Rokhlin},
	title = {Fast Fourier Transforms for Nonequispaced Data, II},
	journal = {Applied and Computational Harmonic Analysis},
	year = {1995},
	pages = {85--100}
}

@TECHREPORT{Keiner06nfft3.0,
	author = {J Keiner and S Kunis and D Potts},
	title = {Nfft 3.0 - tutorial},
	year = {2006},
	institution = {TU Chemnitz}
}

@MISC{Gumerov13amethod,
    author = {Nail A. Gumerov and Ramani Duraiswami},
    title = {A Method to Compute Periodic Sums},
    year = {2013}
}

@TECHREPORT{fmmfiltering,
author = {Nail A. Gumerov and Ramani Duraiswami},
title = {Fast Multipole Method Based Filtering of Non-uniformly Sampled Data},
year = {2004},
institution = {University of Maryland College Park}
}

@book{abramowitz-and-stegun,
title = {Handbook of Mathematical Functions with Formulas, Graphs, and Mathematical Tables},
editor = {Milton Abramowitz and Irene A. Stegun},
year = {1972},
printing = {10th},
publisher = {National Bureau of Standards}
}

@misc{online:how-to-be-highly-cited,
author = {Donoho, David},
title = {How to be a Highly Cited Author in the Mathematical Sciences},
howpublished = {\url{http://www.in-cites.com/scientists/DrDavidDonoho.html}},
month = {March},
year = {2002},
note = {Accessed: 2015/11/20}
}

@unpublished{arxiv:julia,
title = {Julia: A fresh approach to numerical computing},
author = {Jeff Bezanson{\,} Alan Edelman{\,} Stefan Karpinski{\,} Viral B. Shah},
year = {2014},
note = {arXiv:1411.1607}
}

@misc{online:mathworld-fourier-series-semicircle,
title = {Fourier Series\----Semicircle},
author = {Weisstein, Eric W.},
howpublished = {\url{http://mathworld.wolfram.com/FourierSeriesSemicircle.html}},
note = {From MathWorld\----A Wolfram Web Resource.}
}

@misc{online:mathworld-fourier-series-triangle,
title = {Fourier Series\----Triangle Wave},
author = {Weisstein, Eric W.},
howpublished = {\url{http://mathworld.wolfram.com/FourierSeriesTriangleWave.html}},
note = {From MathWorld\----A Wolfram Web Resource.}
}

@misc{online:mathworld-fourier-series-sawtooth,
title = {Fourier Series\----Sawtooth Wave},
author = {Weisstein, Eric W.},
howpublished = {\url{http://mathworld.wolfram.com/FourierSeriesSawtoothWave.html}},
note = {From MathWorld\----A Wolfram Web Resource.}
}

@misc{online:mathworld-fourier-series-square,
title = {Fourier Series\----Square Wave},
author = {Weisstein, Eric W.},
howpublished = {\url{http://mathworld.wolfram.com/FourierSeriesSquareWave.html}},
note = {From MathWorld\----A Wolfram Web Resource.}
}